@book{Siegman1986,
address = {Sausalito, California},
author = {Siegman, Anthony E},
editor = {Kelly, Aidan},
file = {:C$\backslash$:/Users/Justin/Desktop/School/Lab/Papers/Siegman/Unknown/Siegman - 1986 - Lasers.pdf:pdf},
isbn = {0935702113},
publisher = {University Science Books},
title = {{Lasers}},
year = {1986}
}
