@misc{Reitz1960,
address = {Reading, Massachuseets},
author = {Reitz, John R and Milford, Frederick J.},
doi = {10.0321581741},
file = {:C$\backslash$:/Users/Justin/Desktop/School/Lab/Papers/Reitz, Milford/Unknown/Reitz, Milford - 1960 - Reitz and Milford, Foundations of Electromagnetic Theory.pdf:pdf},
isbn = {0321581741 9780321581747},
publisher = {Addison-Wesley Publishing Company, Inc.},
title = {{Reitz and Milford, Foundations of Electromagnetic Theory}},
year = {1960}
}
